% HOW TO INPUT / CREATE BIBLIOGRAPHY
% \newpage
% \bibliographystyle{ieeetr}
% \bibliography{bibliography}

% TO CITE WE USE \cite[text]{label}

% DIFFERENT STYLES
% https://www.overleaf.com/learn/latex/Bibtex_bibliography_styles

% HOW TO CITE A WEBSITE
% https://bibtex.eu/faq/how-can-i-use-bibtex-to-cite-a-website/

% FORMAT THAT SEEMS TO WORK AS EXPECTED
@misc{ enwiki:1160020064,
author = "{Wikipedia contributors}",
title = "Auto --- {Wikipedia}{,} The Free Encyclopedia",
year = "2023",
howpublished = "\url{https://en.wikipedia.org/w/index.php?title=Auto&oldid=1160020064}",
note = "[Online; dostÄ™p: 22.06.2023]"
}
% note = "[Online; accessed 22-June-2023]"